<record><leader>00000cas a2200000 a 4500</leader><controlfield tag="001">12674309</controlfield><controlfield tag="008">851015d19221923ksuwr ne      0    0eng d</controlfield><datafield ind1=" " ind2=" " tag="010"><subfield code="a">sn 85032760 </subfield></datafield><datafield ind1=" " ind2=" " tag="040"><subfield code="a">KSH</subfield><subfield code="b">eng</subfield><subfield code="c">KSH</subfield><subfield code="d">NPT</subfield><subfield code="d">OCL</subfield><subfield code="d">OCLCQ</subfield></datafield><datafield ind1=" " ind2=" " tag="042"><subfield code="a">msc</subfield></datafield><datafield ind1="0" ind2=" " tag="130"><subfield code="a">Hunnewell herald (Hunnewell, Kan. : 1922)</subfield></datafield><datafield ind1="1" ind2="0" tag="245"><subfield code="a">Hunnewell herald.</subfield></datafield><datafield ind1=" " ind2=" " tag="260"><subfield code="a">Hunnewell, Kan. :</subfield><subfield code="b">Knibbs-Kimmel Pub. Co.,</subfield><subfield code="c">-1923.</subfield></datafield><datafield ind1=" " ind2=" " tag="300"><subfield code="a">v. :</subfield><subfield code="b">ill. ;</subfield><subfield code="c">53 cm.</subfield></datafield><datafield ind1=" " ind2=" " tag="310"><subfield code="a">Weekly</subfield></datafield><datafield ind1="0" ind2=" " tag="362"><subfield code="a">-v. 1, no. 18 (Mar. 29, 1923).</subfield></datafield><datafield ind1="1" ind2=" " tag="362"><subfield code="a">Began in 1922?</subfield></datafield><datafield ind1=" " ind2=" " tag="588"><subfield code="a">Description based on: Vol. 1, no. 8 (Jan. 18, 1923).</subfield></datafield><datafield ind1=" " ind2=" " tag="752"><subfield code="a">United States</subfield><subfield code="b">Kansas</subfield><subfield code="c">Sumner</subfield><subfield code="d">Hunnewell.</subfield></datafield><datafield ind1="0" ind2="7" tag="785"><subfield code="t">Caldwell messenger (Caldwell, Kan. : 1921)</subfield><subfield code="w">(DLC)sn 85032732</subfield></datafield><datafield ind1="0" ind2="7" tag="785"><subfield code="t">Caldwell daily messenger (Caldwell, Kan. : 1923)</subfield><subfield code="w">(DLC)sn 85032733</subfield></datafield><datafield ind1="1" ind2=" " tag="029"><subfield code="a">AU@</subfield><subfield code="b">000022166965</subfield></datafield></record>